%%%%%%%%%%%%%%%%%%%%%%%%%%%%%%%%%%%%%%%%%%%%%%%%%%%%%%%%%%%%%%%%%%%%%%%%%%%%%%%%
% INTRO
%%%%%%%%%%%%%%%%%%%%%%%%%%%%%%%%%%%%%%%%%%%%%%%%%%%%%%%%%%%%%%%%%%%%%%%%%%%%%%%%
% Tampering (placeholder here)
@inproceedings{alberti2018tampering,
    address = {Munich, Germany},
    archivePrefix = {arXiv},
    arxivId = {1808.06809},
    eprint = {1808.06809},
    author = {Alberti, Michele and Pondenkandath, Vinaychandran and   W\"ursch, Marcel and Bouillon, Manuel and Seuret, Mathias and Ingold, Rolf and Liwicki, Marcus},
    title = {{Are You Tampering With My Data?}},
    booktitle = {2018 15th European Conference on Computer Vision
(ECCV), Workshop on Objectionable Content and Misinformation (WOCM)},
    year = {2018},
    month = {sep}
}



%%%%%%%%%%%%%%%%%%%%%%%%%%%%%%%%%%%%%%%%%%%%%%%%%%%%%%%%%%%%%%%%%%%%%%%%%%%%%%%%
% RELATED WORK
%%%%%%%%%%%%%%%%%%%%%%%%%%%%%%%%%%%%%%%%%%%%%%%%%%%%%%%%%%%%%%%%%%%%%%%%%%%%%%%%

% Divide them into categories if possible
%*******************************************************************************

@inproceedings{tensmeyer2017convolutional,
  title={Convolutional Neural Networks for Font Classification},
  author={Tensmeyer, Chris and Saunders, Daniel and Martinez, Tony},
  booktitle={Document Analysis and Recognition (ICDAR), 2017 14th IAPR International Conference on},
  volume={1},
  pages={985--990},
  year={2017},
  organization={IEEE}
}

%*******************************************************************************
% Category 1: Pre-Training

@article{erhan2010does,
  title={Why does unsupervised pre-training help deep learning?},
  author={Erhan, Dumitru and Bengio, Yoshua and Courville, Aaron and Manzagol, Pierre-Antoine and Vincent, Pascal and Bengio, Samy},
  journal={Journal of Machine Learning Research},
  volume={11},
  number={Feb},
  pages={625--660},
  year={2010}
}

@inproceedings{sun2017revisiting,
  title={Revisiting unreasonable effectiveness of data in deep learning era},
  author={Sun, Chen and Shrivastava, Abhinav and Singh, Saurabh and Gupta, Abhinav},
  booktitle={Computer Vision (ICCV), 2017 IEEE International Conference on},
  pages={843--852},
  year={2017},
  organization={IEEE}
}

@article{kornblith2018better,
  title={Do Better ImageNet Models Transfer Better?},
  author={Kornblith, Simon and Shlens, Jonathon and Le, Quoc V},
  journal={arXiv preprint arXiv:1805.08974},
  year={2018}
}

@inproceedings{imagenet_cvpr09,
        AUTHOR = {Deng, J. and Dong, W. and Socher, R. and Li, L.-J. and Li, K. and Fei-Fei, L.},
        TITLE = {{ImageNet: A Large-Scale Hierarchical Image Database}},
        BOOKTITLE = {CVPR09},
        YEAR = {2009}}
        
@Article{Everingham15,
   author = "Everingham, M. and Eslami, S. M. A. and Van~Gool, L. and Williams, C. K. I. and Winn, J. and Zisserman, A.",
   title = "The Pascal Visual Object Classes Challenge: A Retrospective",
   journal = "International Journal of Computer Vision",
   volume = "111",
   year = "2015",
   number = "1",
   month = jan,
   pages = "98--136",
} 
        
@inproceedings{lin2014microsoft,
  title={Microsoft COCO: Common objects in context},
  author={Lin, Tsung-Yi and Maire, Michael and Belongie, Serge and Hays, James and Perona, Pietro and Ramanan, Deva and Doll{\'a}r, Piotr and Zitnick, C Lawrence},
  booktitle={European conference on computer vision},
  pages={740--755},
  year={2014},
  organization={Springer}
}

@article{krizhevsky2014cifar,
  title={The CIFAR-10 dataset},
  author={Krizhevsky, Alex and Nair, Vinod and Hinton, Geoffrey},
  year={2014}
}

@article{DBLP:journals/corr/abs-1811-08883,
  author    = {He, Kaiming and Girshick, Ross B. and Doll{\'{a}}r, Piotr },
  title     = {Rethinking ImageNet Pre-training},
  journal   = {CoRR},
  volume    = {abs/1811.08883},
  year      = {2018},
  archivePrefix = {arXiv},
  eprint    = {1811.08883},
  timestamp = {Mon, 26 Nov 2018 12:52:45 +0100},
  bibsource = {dblp computer science bibliography, https://dblp.org}
}

@inproceedings{wei2017selecting,
  title={Selecting Fine-Tuned Features for Layout Analysis of Historical Documents},
  author={Wei, Hao and Seuret, Mathias and Liwicki, Marcus and Ingold, Rolf and Fu, Pei},
  booktitle={2017 14th IAPR International Conference on Document Analysis and Recognition (ICDAR)},
  pages={281--286},
  year={2017},
  organization={IEEE}
}

@book{thrun2012learning,
  title={Learning to learn},
  author={Thrun, Sebastian and Pratt, Lorien},
  year={2012},
  publisher={Springer Science \& Business Media}
}

@article{pan2010survey,
  title={A survey on transfer learning},
  author={Pan, Sinno Jialin and Yang, Qiang and others},
  journal={IEEE Transactions on knowledge and data engineering},
  volume={22},
  number={10},
  pages={1345--1359},
  year={2010},
  publisher={Institute of Electrical and Electronics Engineers, Inc., 345 E. 47 th St. NY~â€¦}
}


@inproceedings{girshick2014rich,
  title={Rich feature hierarchies for accurate object detection and semantic segmentation},
  author={Girshick, Ross and Donahue, Jeff and Darrell, Trevor and Malik, Jitendra},
  booktitle={Proceedings of the IEEE conference on computer vision and pattern recognition},
  pages={580--587},
  year={2014}
}

@inproceedings{long2015fully,
  title={Fully convolutional networks for semantic segmentation},
  author={Long, Jonathan and Shelhamer, Evan and Darrell, Trevor},
  booktitle={Proceedings of the IEEE conference on computer vision and pattern recognition},
  pages={3431--3440},
  year={2015}
}

@inproceedings{toshev2014deeppose,
  title={Deeppose: Human pose estimation via deep neural networks},
  author={Toshev, Alexander and Szegedy, Christian},
  booktitle={Proceedings of the IEEE conference on computer vision and pattern recognition},
  pages={1653--1660},
  year={2014}
}

@inproceedings{karpathy2014large,
  title={Large-scale video classification with convolutional neural networks},
  author={Karpathy, Andrej and Toderici, George and Shetty, Sanketh and Leung, Thomas and Sukthankar, Rahul and Fei-Fei, Li},
  booktitle={Proceedings of the IEEE conference on Computer Vision and Pattern Recognition},
  pages={1725--1732},
  year={2014}
}

@inproceedings{wang2013learning,
  title={Learning a deep compact image representation for visual tracking},
  author={Wang, Naiyan and Yeung, Dit-Yan},
  booktitle={Advances in neural information processing systems},
  pages={809--817},
  year={2013}
}



%*******************************************************************************
% Category 2: Architectures

@article{DBLP:journals/corr/SzegedyIV16,
  author    = {Christian Szegedy and
               Sergey Ioffe and
               Vincent Vanhoucke},
  title     = {Inception-v4, Inception-ResNet and the Impact of Residual Connections
               on Learning},
  journal   = {CoRR},
  volume    = {abs/1602.07261},
  year      = {2016},
  archivePrefix = {arXiv},
  eprint    = {1602.07261},
  timestamp = {Mon, 13 Aug 2018 16:48:39 +0200},
}

@inproceedings{chen2017convolutional,
  title={Convolutional neural networks for page segmentation of historical document images},
  author={Chen, Kai and Seuret, Mathias and Hennebert, Jean and Ingold, Rolf},
  booktitle={Document Analysis and Recognition (ICDAR), 2017 14th IAPR International Conference on},
  volume={1},
  pages={965--970},
  year={2017},
  organization={IEEE}
}

@article{huang2018gpipe,
  title={GPipe: Efficient Training of Giant Neural Networks using Pipeline Parallelism},
  author={Huang, Yanping and Cheng, Yonglong and Chen, Dehao and Lee, HyoukJoong and Ngiam, Jiquan and Le, Quoc V and Chen, Zhifeng},
  journal={arXiv preprint arXiv:1811.06965},
  year={2018}
}

@article{real2018regularized,
  title={Regularized evolution for image classifier architecture search},
  author={Real, Esteban and Aggarwal, Alok and Huang, Yanping and Le, Quoc V},
  journal={arXiv preprint arXiv:1802.01548},
  year={2018}
}

@article{brock2018large,
  title={Large scale gan training for high fidelity natural image synthesis},
  author={Brock, Andrew and Donahue, Jeff and Simonyan, Karen},
  journal={arXiv preprint arXiv:1809.11096},
  year={2018}
}



%*******************************************************************************
% Category 2: Similarity

@inproceedings{tang2016text,
  title={Text-independent writer identification via CNN features and joint Bayesian},
  author={Tang, Youbao and Wu, Xiangqian},
  booktitle={Frontiers in Handwriting Recognition (ICFHR), 2016 15th International Conference on},
  pages={566--571},
  year={2016},
  organization={IEEE}
}


@inproceedings{inproceedings,
author = {Fiel, Stefan and Sablatnig, Robert},
year = {2015},
month = {09},
pages = {26-37},
title = {Writer Identification and Retrieval Using a Convolutional Neural Network},
isbn = {978-3-319-23116-7},
doi = {10.1007/978-3-319-23117-4_3}
}

@article{DBLP:journals/corr/ChristleinGFM17,
  author    = {Vincent Christlein and
               Martin Gropp and
               Stefan Fiel and
               Andreas K. Maier},
  title     = {Unsupervised Feature Learning for Writer Identification and Writer
               Retrieval},
  journal   = {CoRR},
  volume    = {abs/1705.09369},
  year      = {2017},
  archivePrefix = {arXiv},
  eprint    = {1705.09369},
  timestamp = {Mon, 13 Aug 2018 16:47:34 +0200},
  biburl    = {https://dblp.org/rec/bib/journals/corr/ChristleinGFM17},
  bibsource = {dblp computer science bibliography, https://dblp.org}
}
%*******************************************************************************
% Category 2: Segmentation

@inproceedings{7333914, 
author={K. Chen and M. Seuret and M. Liwicki and J. Hennebert and R. Ingold}, 
booktitle={2015 13th International Conference on Document Analysis and Recognition (ICDAR)}, 
title={Page segmentation of historical document images with convolutional autoencoders}, 
year={2015}, 
volume={}, 
number={}, 
pages={1011-1015}, 
keywords={document image processing;handwritten character recognition;history;image colour analysis;image segmentation;support vector machines;unsupervised learning;historical document images;unsupervised feature learning method;page segmentation;historical handwritten documents;color images;pixel labeling problem;convolutional autoencoders;pixel intensity values;SVM;support vector machine;Support vector machines;Robustness;Image segmentation}, 
doi={10.1109/ICDAR.2015.7333914}, 
ISSN={}, 
month={Aug},
}



@INPROCEEDINGS{8269985, 
author={H. Wei and M. Seuret and M. Liwicki and R. Ingold and P. Fu}, 
booktitle={2017 14th IAPR International Conference on Document Analysis and Recognition (ICDAR)}, 
title={Selecting Fine-Tuned Features for Layout Analysis of Historical Documents}, 
year={2017}, 
volume={01}, 
number={}, 
pages={281-286}, 
keywords={document image processing;feature extraction;history;image classification;learning (artificial intelligence);neural nets;relevant features;fine-tuning;fine-tuned features;layout analysis;deep neural network;feature selection method;historical documents;classification task;feature selection;stacked autoencoders;layout classification;Feature extraction;Neural networks;Layout;Training;Decoding;Task analysis;Support vector machines}, 
doi={10.1109/ICDAR.2017.54}, 
ISSN={2379-2140}, 
month={Nov},
}
@article{DBLP:journals/corr/abs-1710-07363,
  author    = {Michele Alberti and
               Mathias Seuret and
               Vinaychandran Pondenkandath and
               Rolf Ingold and
               Marcus Liwicki},
  title     = {Historical Document Image Segmentation with LDA-Initialized Deep Neural
               Networks},
  journal   = {CoRR},
  volume    = {abs/1710.07363},
  year      = {2017},
  archivePrefix = {arXiv},
  eprint    = {1710.07363},
  timestamp = {Mon, 13 Aug 2018 16:46:48 +0200},
  biburl    = {https://dblp.org/rec/bib/journals/corr/abs-1710-07363},
  bibsource = {dblp computer science bibliography, https://dblp.org}
}
%*******************************************************************************
% Category 3: Classification

@inproceedings{wahlberg2016historical,
  title={Historical manuscript production date estimation using deep convolutional neural networks},
  author={Wahlberg, Fredrik and Wilkinson, Tomas and Brun, Anders},
  booktitle={Frontiers in Handwriting Recognition (ICFHR), 2016 15th International Conference on},
  pages={205--210},
  year={2016},
  organization={IEEE}
}


@INPROCEEDINGS{8480212, 
author={A. Abdalhaleem and B. K. Barakat and J. El-Sana}, 
booktitle={2018 IEEE 2nd International Workshop on Arabic and Derived Script Analysis and Recognition (ASAR)}, 
title={Case Study: Fine Writing Style Classification Using Siamese Neural Network}, 
year={2018}, 
volume={}, 
number={}, 
pages={62-66}, 
keywords={feature extraction;image classification;learning (artificial intelligence);neural nets;fine writing style classification;Siamese neural network;automatic system;identical sub-networks;patches;joining neuron;extract features;Training;Writing;Neural networks;Feature extraction;Hidden Markov models;Conferences;Computer science;Siamese-network;Deep-learning;Writing-style;Writer-identification;Supervised-learning}, 
doi={10.1109/ASAR.2018.8480212}, 
ISSN={}, 
month={March},}

@article{Pondenkandath2017ExploitingSD,
  title={Exploiting State-of-the-Art Deep Learning Methods for Document Image Analysis},
  author={Vinaychandran Pondenkandath and Mathias Seuret and Rolf Ingold and Muhammad Zeshan Afzal and Marcus Liwicki},
  journal={2017 14th IAPR International Conference on Document Analysis and Recognition (ICDAR)},
  year={2017},
  volume={05},
  pages={30-35}
}


%%%%%%%%%%%%%%%%%%%%%%%%%%%%%%%%%%%%%%%%%%%%%%%%%%%%%%%%%%%%%%%%%%%%%%%%%%%%%%%%
% EXPERIMENTAL SETUP
%%%%%%%%%%%%%%%%%%%%%%%%%%%%%%%%%%%%%%%%%%%%%%%%%%%%%%%%%%%%%%%%%%%%%%%%%%%%%%%%

@article{alberti2018deepdiva,
  title={DeepDIVA: A Highly-Functional Python Framework for Reproducible Experiments},
  author={Alberti, Michele and Pondenkandath, Vinaychandran and W{\"u}rsch, Marcel and Ingold, Rolf and Liwicki, Marcus},
  journal={arXiv preprint arXiv:1805.00329},
  year={2018}
}
%*******************************************************************************
% Category 0: Tasks

% Triplets
@inproceedings{hoffer2015,
    archivePrefix = {arXiv},
    arxivId = {1412.6622},
    author = {Hoffer, Elad and Ailon, Nir},
    booktitle = {Lecture Notes in Computer Science (including subseries Lecture Notes in Artificial Intelligence and Lecture Notes in Bioinformatics)},
    doi = {10.1007/978-3-319-24261-3_7},
    eprint = {1412.6622},
    isbn = {9783319242606},
    issn = {16113349},
    keywords = {Deep learning,Metric learning,Representation learning},
    pages = {84--92},
    title = {{Deep metric learning using triplet network}},
    volume = {9370},
    year = {2015}
}

@article{balntas2016,
    author = {Balntas, Vassileios},
    doi = {10.5244/C.30.119},
    isbn = {1-901725-59-6},
    journal = {Bmvc},
    number = {1},
    pages = {119.1--119.11},
    title = {{Learning local feature descriptors with triplets and shallow convolutional neural networks}},
    volume = {33},
    year = {2016}
}

% Watermarks
@inproceedings{pondenkandath2018watermarks,
    address = {Niagara Falls, USA},
    archivePrefix = {arXiv},
    arxivId = {1804.01728},
    eprint = {1804.01728},
    author = {Pondenkandath, Vinaychandran and Alberti, Michele and Eichenberger, Nicole and Ingold, Rolf and Liwicki, Marcus},
    title = {{Identifying Cross-Depicted Historical Motifs}},
    booktitle = {2018 16th International Conference on Frontiers in Handwriting Recognition (ICFHR)},
    year = {2018},
    month = {aug}
}

% Signatures
@incollection{maergner2018,
    author = {Maergner, Paul and Pondenkandath, Vinaychandran and Alberti, Michele and Liwicki, Marcus and Riesen, Kaspar and Ingold, Rolf and Fischer, Andreas},
    doi = {10.1007/978-3-319-97785-0_45},
    month = {aug},
    pages = {470--480},
    publisher = {Springer, Cham},
    title = {{Offline Signature Verification by Combining Graph Edit Distance and Triplet Networks}},
    url = {http://link.springer.com/10.1007/978-3-319-97785-0{\_}45},
    year = {2018}
}

% Line Segmentation
@inproceedings{albertivoegtlin2019line,
    author = {AnonymousSubmission},
    address = {Sydney, Australia},
    title = {{Anonymous Submission}},
    booktitle = {{2019 CoRR at 15th IAPR International Conference on Document Analysis and Recognition (ICDAR)}},
    year = {2019},
    month = {sep}
}


%*******************************************************************************
% Category 1: Data sets
@inproceedings{simistira2016diva,
  title={DIVA-HisDB: A precisely annotated large dataset of challenging medieval manuscripts},
  author={Simistira, Foteini and Seuret, Mathias and Eichenberger, Nicole and Garz, Angelika and Liwicki, Marcus and Ingold, Rolf},
  booktitle={Frontiers in Handwriting Recognition (ICFHR), 2016 15th International Conference on},
  pages={471--476},
  year={2016},
  organization={IEEE}
}

@inproceedings{cloppet2017icdar2017,
  title={ICDAR2017 Competition on the Classification of Medieval Handwritings in Latin Script},
  author={Cloppet, Florence and Eglin, V{\'e}ronique and Helias-Baron, Marl{\`e}ne and Kieu, Cuong and Vincent, Nicole and Stutzmann, Dominique},
  booktitle={Document Analysis and Recognition (ICDAR), 2017 14th IAPR International Conference on},
  volume={1},
  pages={1371--1376},
  year={2017},
  organization={IEEE}
}

@inproceedings{fiel2017icdar2017,
  title={ICDAR2017 Competition on Historical Document Writer Identification (Historical-WI)},
  author={Fiel, Stefan and Kleber, Florian and Diem, Markus and Christlein, Vincent and Louloudis, Georgios and Nikos, Stamatopoulos and Gatos, Basilis},
  booktitle={Document Analysis and Recognition (ICDAR), 2017 14th IAPR International Conference on},
  volume={1},
  pages={1377--1382},
  year={2017},
  organization={IEEE}
}


%*******************************************************************************
% Category 2: Architectures

@inproceedings{krizhevsky2012imagenet,
  title={Imagenet classification with deep convolutional neural networks},
  author={Krizhevsky, Alex and Sutskever, Ilya and Hinton, Geoffrey E},
  booktitle={Advances in neural information processing systems},
  pages={1097--1105},
  year={2012}
}


@article{chollet2017xception,
  title={Xception: Deep learning with depthwise separable convolutions},
  author={Chollet, Fran{\c{c}}ois},
  journal={arXiv preprint},
  pages={1610--02357},
  year={2017}
}

@inproceedings{jegou2017one,
  title={The one hundred layers tiramisu: Fully convolutional densenets for semantic segmentation},
  author={J{\'e}gou, Simon and Drozdzal, Michal and Vazquez, David and Romero, Adriana and Bengio, Yoshua},
  booktitle={Computer Vision and Pattern Recognition Workshops (CVPRW), 2017 IEEE Conference on},
  pages={1175--1183},
  year={2017},
  organization={IEEE}
}

@article{simonyan2014very,
  title={Very deep convolutional networks for large-scale image recognition},
  author={Simonyan, Karen and Zisserman, Andrew},
  journal={arXiv preprint arXiv:1409.1556},
  year={2014}
}


@article{DBLP:journals/corr/HeZRS15,
  author    = {Kaiming He and
               Xiangyu Zhang and
               Shaoqing Ren and
               Jian Sun},
  title     = {Deep Residual Learning for Image Recognition},
  journal   = {CoRR},
  volume    = {abs/1512.03385},
  year      = {2015},
  archivePrefix = {arXiv},
  eprint    = {1512.03385},
  timestamp = {Mon, 13 Aug 2018 16:46:56 +0200},
  biburl    = {https://dblp.org/rec/bib/journals/corr/HeZRS15},
  bibsource = {dblp computer science bibliography, https://dblp.org}
}

@article{DBLP:journals/corr/HuangLW16a,
  author    = {Gao Huang and
               Zhuang Liu and
               Kilian Q. Weinberger},
  title     = {Densely Connected Convolutional Networks},
  journal   = {CoRR},
  volume    = {abs/1608.06993},
  year      = {2016},
  archivePrefix = {arXiv},
  eprint    = {1608.06993},
  timestamp = {Mon, 10 Sep 2018 15:49:32 +0200},
  biburl    = {https://dblp.org/rec/bib/journals/corr/HuangLW16a},
  bibsource = {dblp computer science bibliography, https://dblp.org}
}

@InProceedings{Szegedy_2015_CVPR,
author = {Szegedy, Christian and Liu, Wei and Jia, Yangqing and Sermanet, Pierre and Reed, Scott and Anguelov, Dragomir and Erhan, Dumitru and Vanhoucke, Vincent and Rabinovich, Andrew},
title = {Going Deeper With Convolutions},
booktitle = {The IEEE Conference on Computer Vision and Pattern Recognition (CVPR)},
month = {June},
year = {2015}
}

@inproceedings{ronneberger2015u,
  title={U-net: Convolutional networks for biomedical image segmentation},
  author={Ronneberger, Olaf and Fischer, Philipp and Brox, Thomas},
  booktitle={International Conference on Medical image computing and computer-assisted intervention},
  pages={234--241},
  year={2015},
  organization={Springer}
}

% Tasks

@inproceedings{simistira2017icdar2017,
  title={ICDAR2017 competition on layout analysis for challenging medieval manuscripts},
  author={Simistira, Fotini and Bouillon, Manuel and Seuret, Mathias and Wursch, Marcel and Alberti, Michele and Ingold, Rolf and Liwicki, Marcus},
  booktitle={2017 14th IAPR International Conference on Document Analysis and Recognition (ICDAR)},
  pages={1361--1370},
  year={2017},
  organization={IEEE}
}


%%%%%%%%%%%%%%%%%%%%%%%%%%%%%%%%%%%%%%%%%%%%%%%%%%%%%%%%%%%%%%%%%%%%%%%%%%%%%%%%
% RESULTS
%%%%%%%%%%%%%%%%%%%%%%%%%%%%%%%%%%%%%%%%%%%%%%%%%%%%%%%%%%%%%%%%%%%%%%%%%%%%%%%%

@article{maaten2008visualizing,
  title={Visualizing data using t-SNE},
  author={Maaten, Laurens van der and Hinton, Geoffrey},
  journal={Journal of machine learning research},
  volume={9},
  number={Nov},
  pages={2579--2605},
  year={2008}
}

@inproceedings{alberti2017evaluation,
    address = {Kyoto, Japan},
    archivePrefix = {arXiv},
    arxivId = {1712.01656},
    author = {Alberti, Michele and Bouillon, Manuel and Ingold, Rolf and Liwicki, Marcus},
    booktitle = {2017 14th IAPR International Conference on Document Analysis and Recognition (ICDAR)},
    doi = {10.1109/ICDAR.2017.311},
    eprint = {1712.01656},
    isbn = {978-1-5386-3586-5},
    month = {nov},
    pages = {43--47},
    title = {{Open Evaluation Tool for Layout Analysis of Document Images}},
    year = {2017}
}